<record><leader>04256nam a2200541 i 4500</leader><controlfield tag="001">6805231</controlfield><controlfield tag="003">DcWaAPA</controlfield><controlfield tag="005">20150121155537.0</controlfield><controlfield tag="006">m     o  d        </controlfield><controlfield tag="007">cr</controlfield><controlfield tag="008">150121s2015    dcu     ob    001 0 eng d</controlfield><datafield ind1=" " ind2=" " tag="020"><subfield code="z">9781433819346 (hardcover)</subfield></datafield><datafield ind1=" " ind2=" " tag="020"><subfield code="z">1433819341 (hardcover)</subfield></datafield><datafield ind1=" " ind2=" " tag="020"><subfield code="a">143381935X (electronic)</subfield></datafield><datafield ind1=" " ind2=" " tag="020"><subfield code="a">9781433819353 (electronic)</subfield></datafield><datafield ind1=" " ind2=" " tag="035"><subfield code="a">ocn900576657</subfield></datafield><datafield ind1=" " ind2=" " tag="039"><subfield code="a">exclude</subfield></datafield><datafield ind1=" " ind2=" " tag="040"><subfield code="a">DcWaAPA</subfield><subfield code="b">eng</subfield><subfield code="e">rda</subfield><subfield code="d">AEU</subfield></datafield><datafield ind1=" " ind2="4" tag="050"><subfield code="a">HV9069</subfield><subfield code="b">.S243 2015</subfield></datafield><datafield ind1="0" ind2="4" tag="082"><subfield code="a">364.36</subfield><subfield code="2">23</subfield></datafield><datafield ind1=" " ind2=" " tag="090"><subfield code="a">Internet Access</subfield><subfield code="b">AEU</subfield></datafield><datafield ind1=" " ind2=" " tag="090"><subfield code="a">Internet Access</subfield><subfield code="b">AEC</subfield></datafield><datafield ind1=" " ind2=" " tag="090"><subfield code="a">Internet Access</subfield><subfield code="b">AEGMCT</subfield></datafield><datafield ind1="0" ind2="0" tag="245"><subfield code="a">Forensic evaluation and treatment of juveniles :</subfield><subfield code="b">innovation and best practice /</subfield><subfield code="c">by Randall T. Salekin, Disruptive Behavior Clinic, University of Alabama.</subfield></datafield><datafield ind1=" " ind2="1" tag="264"><subfield code="a">Washington, D.C. :</subfield><subfield code="b">American Psychological Association,</subfield><subfield code="c">2015.</subfield></datafield><datafield ind1=" " ind2=" " tag="300"><subfield code="a">1 online resource (x, 271 pages)</subfield></datafield><datafield ind1=" " ind2=" " tag="336"><subfield code="a">text</subfield><subfield code="b">txt</subfield><subfield code="2">rdacontent</subfield></datafield><datafield ind1=" " ind2=" " tag="337"><subfield code="a">computer</subfield><subfield code="b">c</subfield><subfield code="2">rdamedia</subfield></datafield><datafield ind1=" " ind2=" " tag="338"><subfield code="a">online resource</subfield><subfield code="b">cr</subfield><subfield code="2">rdacarrier</subfield></datafield><datafield ind1=" " ind2=" " tag="504"><subfield code="a">Includes bibliographical references and index.</subfield></datafield><datafield ind1="0" ind2=" " tag="505"><subfield code="a">Legal contexts and more -- Juvenile characteristics, political and social climate change, and transfer -- Forensic mental health concepts -- Empirical foundations and limits -- Preparation for the evaluation -- Data collection -- Interpretation -- Report writing and testimony -- Treatment -- Conclusion.</subfield></datafield><datafield ind1=" " ind2=" " tag="520"><subfield code="a">"Psychologists have always played a key role in determining how the juvenile justice system assesses and treats young offenders. Recent neuropsychological findings show that there are important developmental differences between juvenile offenders, such as varying levels of maturity, risk potential, and amenability to treatment, not to mention individualized personality traits and possible mental disorders. Psychologists must therefore strive for targeted rehabilitation services to avoid unfair treatment and redirect youth to healthier life choices. This book is a practical guide that will help psychologists answer important psycho-legal questions to properly assess and treat juvenile offenders. These guidelines primarily focus on disposition evaluations, which describe adolescent offenders and paths to rehabilitation, and transfer evaluations, which determine whether juveniles should be moved to adult courts. Psychological assessments can greatly influence a judge's decision, so this book will help forensic clinicians consider important external factors, such as local laws and the political climate, and present assessment data to judges in a thorough, understandable manner. This book will also be valuable for attorneys, judges, criminologists, and legal scholars who want to understand the psychological science behind juvenile assessment"--Publicity materials. (PsycINFO Database Record (c) 2015 APA, all rights reserved).</subfield></datafield><datafield ind1=" " ind2=" " tag="533"><subfield code="a">Electronic reproduction.</subfield><subfield code="b">Washington, D.C. :</subfield><subfield code="c">American Psychological Association,</subfield><subfield code="d">2015.</subfield><subfield code="n">Available via World Wide Web.</subfield><subfield code="n">Access limited by licensing agreement.</subfield><subfield code="7">s2015    dcunns</subfield></datafield><datafield ind1=" " ind2=" " tag="596"><subfield code="a">21 44 57</subfield></datafield><datafield ind1=" " ind2="0" tag="650"><subfield code="a">Juvenile delinquents</subfield><subfield code="x">Rehabilitation.</subfield></datafield><datafield ind1=" " ind2="0" tag="650"><subfield code="a">Juvenile justice, Administration of.</subfield></datafield><datafield ind1=" " ind2="0" tag="650"><subfield code="a">Restorative justice.</subfield></datafield><datafield ind1=" " ind2="2" tag="650"><subfield code="a">Juvenile Delinquency</subfield><subfield code="x">rehabilitation.</subfield></datafield><datafield ind1="1" ind2=" " tag="700"><subfield code="a">Salekin, Randall T.,</subfield><subfield code="e">author.</subfield></datafield><datafield ind1="4" ind2="0" tag="856"><subfield code="3">University of Alberta Access</subfield><subfield code="u">http://ovidsp.ovid.com/ovidweb.cgi?T=JS&amp;NEWS=N&amp;PAGE=toc&amp;SEARCH=2014-42993.dd&amp;LINKTYPE=asBody&amp;D=psbk</subfield></datafield><datafield ind1="4" ind2="0" tag="856"><subfield code="3">MacEwan University Access</subfield><subfield code="u">http://search.ebscohost.com/direct.asp?db=pzh&amp;jid=%22201442993%22&amp;scope=site</subfield></datafield><datafield ind1="4" ind2="0" tag="856"><subfield code="3">Concordia University of Edmonton Access</subfield><subfield code="u">http://search.ebscohost.com/login.aspx?direct=true&amp;db=pzh&amp;jid=201442993&amp;site=ehost-live</subfield></datafield><datafield ind1=" " ind2=" " tag="949"><subfield code="h">UAIN</subfield><subfield code="z">PSYCBOOKS</subfield></datafield><datafield ind1=" " ind2=" " tag="949"><subfield code="h">UAIN</subfield><subfield code="m">CONCORDIA</subfield><subfield code="z">PSYCBKSCON</subfield></datafield><datafield ind1=" " ind2=" " tag="949"><subfield code="h">UAIN</subfield><subfield code="m">GR_MAC_INT</subfield><subfield code="z">PSYCBKSGM</subfield></datafield><datafield ind1=" " ind2=" " tag="926"><subfield code="a">Internet Access</subfield><subfield code="w">LC</subfield><subfield code="c">1</subfield><subfield code="i">6805231-1001</subfield><subfield code="l">INTERNET</subfield><subfield code="m">UAINTERNET</subfield><subfield code="r">Y</subfield><subfield code="s">Y</subfield><subfield code="t">E-RESOURCE</subfield><subfield code="u">2/17/2015</subfield><subfield code="x">E-BOOK</subfield><subfield code="z">PSYCBOOKS</subfield></datafield><datafield ind1=" " ind2=" " tag="926"><subfield code="a">Internet Access</subfield><subfield code="w">LC</subfield><subfield code="c">1</subfield><subfield code="i">6805231-2001</subfield><subfield code="l">INTERNET</subfield><subfield code="m">CONCORDIA</subfield><subfield code="r">Y</subfield><subfield code="s">Y</subfield><subfield code="t">E-RESOURCE</subfield><subfield code="u">2/17/2015</subfield><subfield code="x">E-BOOK</subfield><subfield code="z">PSYCBKSCON</subfield></datafield><datafield ind1=" " ind2=" " tag="926"><subfield code="a">Internet Access</subfield><subfield code="w">LC</subfield><subfield code="c">1</subfield><subfield code="i">6805231-3001</subfield><subfield code="l">INTERNET</subfield><subfield code="m">GR_MAC_INT</subfield><subfield code="r">Y</subfield><subfield code="s">Y</subfield><subfield code="t">E-RESOURCE</subfield><subfield code="u">2/17/2015</subfield><subfield code="x">E-BOOK</subfield><subfield code="z">PSYCBKSGM</subfield></datafield></record>